% This file was created with JabRef 2.10b2.
% Encoding: UTF-8


@Book{brouard1989mouvements,
  Title                    = {Mouvements et mod{\`e}les de population},
  Author                   = {Brouard, Nicolas},
  Publisher                = {Institut de formation et de recherche d{\'e}mographiques},
  Year                     = {1989},

  Owner                    = {triffe},
  Timestamp                = {2014.06.04}
}

@Article{Dudel2017,
  Title                    = {Working Life Expectancy at Age 50 in the United States and the Impact of the Great Recession},
  Author                   = {Dudel, Christian and Myrskyl{\"a}, Mikko},
  Journal                  = {Demography},
  Year                     = {2017},

  Month                    = {Oct},

  Day                      = {10},
  Doi                      = {10.1007/s13524-017-0619-6},
  ISSN                     = {1533-7790},
  Url                      = {https://doi.org/10.1007/s13524-017-0619-6}
}

@Book{frobenius1912matrizen,
  Title                    = {{\"U}ber Matrizen aus nicht negativen Elementen},
  Author                   = {Frobenius, Georg Ferdinand},
  Publisher                = {K{\"o}nigliche Akademie der Wissenschaften},
  Year                     = {1912}
}

@Article{perron1907theorie,
  Title                    = {Zur theorie der matrices},
  Author                   = {Perron, Oskar},
  Journal                  = {Mathematische Annalen},
  Year                     = {1907},
  Number                   = {2},
  Pages                    = {248--263},
  Volume                   = {64},

  Publisher                = {Springer}
}

@Article{rao2014,
  Title                    = {Generalization of {C}arey's equality and a theorem on stationary population},
  Author                   = {Rao, Arni SR Srinivasa and Carey, James R},
  Journal                  = {Journal of Mathematical Biology},
  Year                     = {2015},
  Number                   = {3},
  Pages                    = {583--594},
  Volume                   = {71},

  Publisher                = {Springer}
}

@Article{riffe2015renewal,
  Title                    = {Renewal and stability in populations structured by remaining years of life},
  Author                   = {Riffe, Tim},
  Journal                  = {MPIDR Working Papers},
  Year                     = {2015},
  Number                   = {WP-2015-007}
}

@Article{spedicato2017,
  Title                    = {Discrete Time Markov Chains with \uppercase{R}},
  Author                   = {Giorgio Alfredo Spedicato},
  Journal                  = {The \uppercase{R} Journal},
  Year                     = {2017},

  Month                    = {07},
  Note                     = {\uppercase{R} package version 0.6.9.7},

  Url                      = {https://journal.r-project.org/archive/2017/RJ-2017-036/index.html}
}

@Article{Vaupel2009,
  Title                    = {{Life lived and left: Carey's equality}},
  Author                   = {Vaupel, James W.},
  Journal                  = {Demographic Research},
  Year                     = {2009},
  Pages                    = {7--10},
  Volume                   = {20},

  Abstract                 = {In a stationary population, age composition and the distribution of remaining lifespans are identical. This equivalence can be used to estimate age structure if information is available on time to death.},
  Doi                      = {10.4054/DemRes.2009.20.3},
  File                     = {:home/pancho/Copy/References/Articles/Vaupel - 2009 - Life lived and left Carey's equality.pdf:pdf},
  ISSN                     = {14359871}
}

@Article{villavicencioRiffeSymmetires2016,
  Title                    = {Symmetries between life lived and left in finite stationary populations},
  Author                   = {Villavicencio, Francisco and Riffe, Tim},
  Journal                  = {Demographic Research},
  Year                     = {2016},
  Number                   = {14},
  Pages                    = {381--398},
  Volume                   = {35}
}

