% This file was created with JabRef 2.10b2.
% Encoding: UTF-8


@Book{brouard1989mouvements,
  Title                    = {Mouvements et mod{\`e}les de population},
  Author                   = {Brouard, Nicolas},
  Publisher                = {Institut de formation et de recherche d{\'e}mographiques},
  Year                     = {1989},

  Owner                    = {triffe},
  Timestamp                = {2014.06.04}
}

@Article{rao2014,
  Title                    = {Generalization of {C}arey's equality and a theorem on stationary population},
  Author                   = {Rao, Arni SR Srinivasa and Carey, James R},
  Journal                  = {Journal of Mathematical Biology},
  Year                     = {2015},
  Number                   = {3},
  Pages                    = {583--594},
  Volume                   = {71},

  Publisher                = {Springer}
}

@Article{riffe2015renewal,
  Title                    = {Renewal and stability in populations structured by remaining years of life},
  Author                   = {Riffe, Tim},
  Journal                  = {MPIDR Working Papers},
  Year                     = {2015},
  Number                   = {WP-2015-007}
}

@Article{Vaupel2009,
  Title                    = {{Life lived and left: Carey's equality}},
  Author                   = {Vaupel, James W.},
  Journal                  = {Demographic Research},
  Year                     = {2009},
  Pages                    = {7--10},
  Volume                   = {20},

  Abstract                 = {In a stationary population, age composition and the distribution of remaining lifespans are identical. This equivalence can be used to estimate age structure if information is available on time to death.},
  Doi                      = {10.4054/DemRes.2009.20.3},
  File                     = {:home/pancho/Copy/References/Articles/Vaupel - 2009 - Life lived and left Carey's equality.pdf:pdf},
  ISSN                     = {14359871}
}

@Article{villavicencioRiffeSymmetires2016,
  Title                    = {Symmetries between life lived and left in finite stationary populations},
  Author                   = {Villavicencio, Francisco and Riffe, Tim},
  Journal                  = {Demographic Research},
  Year                     = {2016},
  Number                   = {14},
  Pages                    = {381--398},
  Volume                   = {35}
}

